% Encoding: UTF-8

%[ORGANIZATIONS]

@string{aaai = "American Association for Artificial Intelligence"}

@string{aaai-ad = "Menlo Park"}

@string{aamas04 = "3rd International Joint Conference on Autonomous Agents
          and Multiagent Systems"}

@string{aamas04Addr = "New York, NY, USA"}

@string{aamas04Ed = "Sierra, C. and Sonenberg, L."}

@string{acl = "Association for Computational Linguistics"}

@string{acm = "Association for Computing Machinery"}

@string{acm-ad = "New York"}

%[IMPORTED STRING DEFINITIONS]

%[JOURNALS]

@string{aij = "Artificial Intelligence"}

@string{aimag = "AI~Magazine"}

@string{bij = "Bioinformatics"}

%[SCHOOLS]

@string{cmucs = "Computer Science Department, Carnegie-Mellon University"}

@string{cmucs-ad = "Pittsburgh, Pennsylvania"}

@string{dke = "Data and Knowledge Engineering"}

@string{dmkd = "Data Mining and Knowledge Discovery"}

@string{ida = "Intelligent Data Analysis"}

%[CONFERENCES]

@string{kdd02 = "Proceedings of the Conference on Knowledge and Data Discovery
                 (KDD-2002)"}

@string{kde = "IEEE Transactions on Knowledge and Data Engineering"}

@string{kdmm98 = "Proceedings of the 4th International Conference on Knowledge Discovery and Data Mining"}

@string{kdmm98addr = "New York"}

%[PUBLISHERS]

@string{kluwer = "Kluwer Academic Publishers"}

@string{kluwer-ad = "Dordrecht, The Netherlands"}

@string{ml = "Machine Learning"}

@string{pami = "IEEE Transactions on Pattern Analysis and Machine Intelligence (PAMI)"}

@string{sigkdd = "SIGKDD Explorations"}

@string{SV = "Springer-Verlag"}

@string{uai00 = "Proceedings of the 16th Annual Conference on Uncertainty in Artificial Intelligence"}
@string{UNKNOWN = "UNKNOWN"}

@string{upenn = "University of Pennsylvania"}


@inproceedings{Chopra06aamas,
  author    = {Amit K. Chopra and
               Munindar P. Singh},
  title     = {Contextualizing commitment protocol},
  booktitle = {AAMAS},
  crossref  = {DBLP:conf/atal/2006},
  year      = {2006},
  pages     = {1345-1352},
 
}

%[REFERENCES] %%%%%%%%%%%%%%%%%%%%%%%%%%%%%%%%%%%%%%%%%%%%%%%%%%
@book{russell1995artificial,
  title={Artificial intelligence: a modern approach},
  author={Russell, Stuart Jonathan and Norvig, Peter and Canny, John F and Malik, Jitendra M and Edwards, Douglas D},
  volume={2},
  year={1995},
  publisher={Prentice hall Englewood Cliffs}
}

@InProceedings{Zhou04,
  author    = {Chen Zhou and Chia Liang-Tien and Lee Bu-Sung},
  booktitle = {ICWS '04: Proceedings of the IEEE International Conference on Web Services},
  title     = {{DAML-QoS Ontology for Web Services}},
  year      = {2004},
  address   = {Washington, DC, USA},
  pages     = {472},
  publisher = {IEEE Computer Society},
  doi       = {http://dx.doi.org/10.1109/ICWS.2004.44},
  isbn      = {0-7695-2167-3},
}
@BOOK{strunk,
   author = "Strunk, Jr., William and E. B. White",
   title = "The Elements of Style",
   publisher = "Macmillan",
   edition = "Third",
   year = 1979
   }


@inproceedings{Antoniou00,
  author    = {Grigoris Antoniou and
               David Billington and
               Guido Governatori and
               Michael J. Maher and
               Andrew Rock},
  title     = {A Family of Defeasible Reasoning Logics and its Implementation.},
  booktitle = {The 14th European Conference on Artificial Intelligence},
  year      = {2000},
  pages     = {459-463},
}


@article{Antoniou04,
  author    = {Grigoris Antoniou},
  title     = {Defeasible logic with dynamic priorities.},
  journal   = {International Journal of Intelligent Systems},
  volume    = {19},
  number    = {5},
  year      = {2004},
  pages     = {463-472},
}

@inproceedings{AntoniouSBB05,
  author    = {Grigoris Antoniou and
               Thomas Skylogiannis and
               Antonis Bikakis and
               Nick Bassiliades},
  title     = {DR-BROKERING - A Defeasible Logic-Based System for Semantic
               Brokering.},
  booktitle = {2005 IEEE International Conference on e-Technology, e-Commerce,
               and e-Services (EEE 2005), 29 March - 1 April 2005, Hong
               Kong, China},
  year      = {2005},
  pages     = {414-417},
}

@article{AntoniouSBDB07,
  author    = {Grigoris Antoniou and
               Thomas Skylogiannis and
               Antonis Bikakis and
               Martin Doerr and
               Nick Bassiliades},
  title     = {DR-BROKERING: A semantic brokering system.},
  journal   = {Knowledge-Based Systems},
  volume    = {20},
  number    = {1},
  year      = {2007},
  pages     = {61-72},
  ee        = {http://dx.doi.org/10.1016/j.knosys.2006.07.006},
  bibsource = {DBLP, http://dblp.uni-trier.de}
}


@InProceedings{Bellucci03,
  author    = {Emilia Bellucci and John Zeleznikow},
  title     = {THE CONFLICT BETWEEN NEGOTIATION AND LITIGATION WHEN BUILDING MEDIATION DECISION SUPPORT SYSTEMS},
  booktitle = {ICAIL 2003 ODRWorkshop},
  year 	    = {2003},
  pages     = {51--60},
  address   = {Edinburgh, Scotland, UK},
}


@inproceedings{BellucciLZ04,
  author    = {Emilia Bellucci and Arno Lodder and John Zeleznikow},
  title     = {Integrating Artificial Intelligence, Argumentation and Game
               Theory to Develop an Online Dispute Resolution Environment.},
  booktitle = {16th International Conference on Tools with Artificial Intelligence},
  publisher    = {ieeecs},
  year      = {2004},
  pages     = {749-754},
}

@Article{Bellucci06,
 author =  {Emilia Bellucci and John Zeleznikow},
 title 	=  {Developing negotiation decision support systems that support mediators: A case study of the Family Winner system},
 journal =   {Artificial Intelligence and Law},
 volume    = {13},
  number    = {2},
 year 	=    {2005},
 pages	= {233-271},
}


@InProceedings{Bodenstaff06,
  author = {Lianne Bodenstaff and Henry Prakken and Gerard Vreeswijk},
  title = {On Formalising Dialogue Systems for Argumentation in the Event Calculus},
  booktitle = {the Eleventh International Workshop on Non-Monotonic Reasoning},
  address = "",
  year = {2006},
}

@InProceedings{Boella04,
 author 	= {Guido Boella and Leendert van der Torre},
 title 		= {Contracts as Legal Institutions in Organizations of Autonomous
Agents},
 booktitle 	= {Proceedings of the Third International Joint Conference on
Autonomous Agents and Multi Agent Systems (AAMAS'04)},
 address	= {New York, US},
 year 		= {2004},
 pages 		= {948--955},
}


@InProceedings{Boella05iat,
  author = {Guido Boella and Joris Hulstijn and Leendert van der Torre},
  title = {A Synthesis Between Mental Attitudes and Social Commitments in Agent Communication Languages},
  booktitle = {Intelligent Agent Technology 05 (IAT 2005)},
  year = {2005},
  address = {Compiegne, France},
  pages = {358-364}
}

@Article{Bonnet04,
 author = {Vincent Bonnet and Karima Boudaoud and Michael Gagnebin and Jurgen Harms and Thomas Schultz},
 title = {Online Dispute Resolution Systems as Web Services},
 journal = {ICFAI Journal of Alternative Dispute Resolution},
 volume = {3},
 year = {2002},
 pages = {57--74},
}


@article{Cachoon00,
  author =  {Gerard Cachon and Martin Lariviere},
  title =   {Supply chain coordination with revenue sharing contracts: strengths and limitations},
  journal = {Management Science},
  volume  = {51},
  number = {1}, 
  year =    {2005},
  pages = {30-44}
}

@article{Calliess06,
  author    = {Gralf-Peter Calliess},
  title     = {Online Dispute Resolution: Consumer Redress in a Global Market Place.},
  journal   = {German Law Journal},
  volume    = {7},
  number    = {8},
  year      = {2006},
  pages     = {647-660},
}


@Incollection{Chaib-draa04,
author 		= {Philippe Pasquier and Roberto Flores and Brahim Chaib-draa},
  title     	= {Modelling Flexible Social Commitments and their Enforcement},
  booktitle 	= {Engineering Societies in the Agents World V},
  editor    	= {},
  publisher 	= {Springer Verlag},
  series    	= {Lecture Notes in Computer Science},
  volume    	= {3451},
  year      	= {2005},
  pages     	= {139-151},
  }


@InProceedings{Chopra03ac,
  author = {Amit K. Chopra and Munindar P. Singh},
  title = {Nonmonotonic Commitment Machines},
  booktitle = {Proceedings of the International Workshop on Agent Communication Languages and Conversation Policies},
  year = {July 2003},
  pages= "",
  address = {Melbourne, Australia},
}

@proceedings{DBLP:conf/atal/2006,
  editor    = {Hideyuki Nakashima and
               Michael P. Wellman and
               Gerhard Weiss and
               Peter Stone},
  title     = {5th International Joint Conference on Autonomous Agents
               and Multiagent Systems (AAMAS 2006), Hakodate, Japan, May
               8-12, 2006},
  booktitle = {AAMAS},
  publisher = {ACM},
  year      = {2006},
  isbn      = {1-59593-303-4},
  bibsource = {DBLP, http://dblp.uni-trier.de}
}

@Misc{webpage,
  howpublished = {http://www.tutorialspoint.com/ajax/.},
  title        = {{Ajax Tutorial}},
  lastchecked  = {2021.03.10},
  url          = {http://www.tutorialspoint.com/ajax/.},
}

@Book{van2008software,
  author    = {Van Vliet, Hans},
  publisher = {John Wiley \& Sons Hoboken, NJ},
  title     = {{Software Engineering: Principles and Practice}},
  year      = {2008},
  volume    = {13},
}

@Electronic{FBI_2017,
  author = {{Federal Bureau of Investigation}},
  title  = {{"Forging papers to sell fake art," Apr. 6, 2017}},
  url    = {https://www.fbi.gov/news/stories/forging-papers-to-sell-fake-art},
}

@Comment{jabref-meta: databaseType:bibtex;}

%%%%%%%%%%%%%%%%%%%%%%%%%%%%%%%%%%%%%%%%%%%%%%%%%%%%%%%%%%%%%%%%%%%%%%%%%%%%%%%%%%%%%%%%%%%%%%%%%%%%%%%%%%%%%%%%%%%%%%%%%%%%%%%%%%%%%%%%%%%%

@article{FinBERT1,
  author    = {Dogu Tan Araci},
  title     = {FinBERT: Financial Sentiment Analysis with Pre-trained Language Models},
  year      = {2019},
  ee        = {https://arxiv.org/pdf/1908.10063v1.pdf},
}

@article{FinBERT2,
  author    = {Yi Yang, Mark Christopher Siy UY, Allen Huang},
  title     = {FinBERT: A Pretrained Language Model for Financial Communications},
  year      = {2020},
  ee        = {https://www.researchgate.net/publication/342198406_FinBERT_A_Pretrained_Language_Model_for_Financial_Communications},
}

@article{TransformerModel,
  author    = {Ashish Vaswani, Noam Shazeer, Niki Parmar},
  title     = {Attention Is All You Need},
  year      = {2017},
  ee        = {https://arxiv.org/pdf/1706.03762.pdf},
}

@article{BARTArchitecture,
  author    = {Mike Lewis, Yinhan Liu, Naman Goyal},
  title     = {BART: Denoising Sequence-to-Sequence Pre-training for Natural Language Generation, Translation, and Comprehension},
  year      = {2019},
  ee        = {https://arxiv.org/pdf/1910.13461.pdf},
}

@article{SpanBERT,
  author    = {Mandar Joshi, Danqi Chen, Yinhan Liu},
  title     = {SpanBERT: Improving Pre-training by Representing and Predicting Spans},
  year      = {2020},
  ee        = {https://arxiv.org/pdf/1907.10529.pdf},
}


@article{KBIR,
  author    = {Mayank Kulkarni, Debanjan Mahata, Ravneet Arora},
  title     = {Learning Rich Representation of Keyphrases from Text},
  year      = {2022},
  ee        = {https://arxiv.org/pdf/2112.08547.pdf},
}

@article{SentimentAnalysis,
  author    = {Patrick Uhr, Johannes Zenkert, Madjid Fathi},
  title     = {Sentiment Analysis in Financial Markets},
  year      = {2014},
  ee        = {https://www.eti.uni-siegen.de/ws/publikationen/repository/sentiment_analysis_in_financial_markets_-_a_framework_to_utilize_the_human_ability_of_word_association_for_analyzing_stock_market_news_reports.pdf},
}

@Electronic{LengthOfAnArticle,
  author = {{Matthew Royse}},
  title  = {{"What’s the Ideal Length for an Article?" Mar 17, 2021}},
  url    = {https://medium.com/technical-excellence/whats-the-ideal-length-for-an-article-e1dd8f03daf4},
}

@Electronic{TimePerWords,
  title  = {{"How Long Does It Take to Read 200 Words?"}},
  url    = {https://titlecapitalisation.com/reading-time/200-words/},
}


@Electronic{UseCasesGuidlines,
  title  = {{"Guideline: Detail Use Cases and Scenarios"}},
  url    = {https://www.utm.mx/~caff/doc/OpenUPWeb/openup/guidances/guidelines/detail_ucs_and_scenarios_6BC56BB7.html?proc=_0o9ygclgEdmt3adZL5Dmdw&path=_4BJ_YCxSEdqjsdw1QLH_6Q},
}

@Electronic{TCPDefinition,
  title  = {{"What Is TCP/IP?"}},
  url    = {https://www.avg.com/en/signal/what-is-tcp-ip},
}

@Electronic{HTTPDefinition,
  title  = {{"HTTP - Overview"}},
  url    = {https://www.tutorialspoint.com/http/http_overview.htm},
}

@Electronic{HTTPDiagram,
  title  = {{"The Hypertext Transfer Protocol (HTTP)"}},
  url    = {https://researchhubs.com/post/computing/web-application/the-hypertext-transfer-protocol-http.html},
}

@Electronic{TCPDiagram,
  title  = {{"The TCP/IP Protocol Framework"}},
  url    = {https://sourcedaddy.com/windows-xp/the-tcp-ip-protocol-framework.html},
}

@Electronic{ClientServer,
  title  = {{"Client-Server Application"}},
  url    = {https://madooei.github.io/cs421_sp20_homepage/client-server-app/},
}

@Electronic{ThreeTier,
  title  = {{"Web Application Architecture in 2022: Moving in the Right Direction"}},
  url    = {https://mobidev.biz/blog/web-application-architecture-types},
}

@Electronic{Mediator,
  title  = {{"Mediator Design Pattern"}},
  url    = {https://www.scaler.com/topics/design-patterns/mediator-design-pattern/},
}

@Electronic{CQRS,
  title  = {{"CQRS and MediatR in ASP.NET Core"}},
  url    = {https://code-maze.com/cqrs-mediatr-in-aspnet-core/},
}

@Electronic{UIPopularity,
  title  = {{"The Most Popular Front-end Frameworks in 2022"}},
  url    = {https://stackdiary.com/front-end-frameworks/},
}

@Electronic{Transformers,
  title  = {{"Transformer's Self-Attention Mechanism Simplified"}},
  url    = {https://vaclavkosar.com/ml/transformers-self-attention-mechanism-simplified},
}

@Electronic{BART,
  title  = {{"Transformers BART Model Explained for Text Summarization"}},
  url    = {https://www.projectpro.io/article/transformers-bart-model-explained/553},
}

@Electronic{SMTP,
  title  = {{"What is SMTP"}},
  url    = {https://serversmtp.com/what-is-smtp/},
}

@Electronic{BERT,
  title  = {{"Webinar: How NLP and BERT will change the language game"}},
  url    = {https://peltarion.com/webinars/nlp-and-bert},
}

@Electronic{CorruptAndReconstruct,
  title  = {{"BART: Denoising Sequence-to-Sequence Pre-training for Natural Language Generation, Translation, and Comprehension"}},
  url    = {https://crossminds.ai/video/bart-denoising-sequence-to-sequence-pre-training-for-natural-language-generation-translation-and-comprehension-6080a7e1c1ed01c43c93851c/},
}

@Electronic{Rouge,
  title  = {{"Metric: rouge"}},
  url    = {https://huggingface.co/spaces/evaluate-metric/rouge},
}

@Electronic{API,
  title  = {{"API"}},
  url    = {https://en.wikipedia.org/wiki/API},
}

@Electronic{CSAdvantages,
  title  = {{"Client-Server Architecture"}},
  url    = {https://kitrum.com/blog/client-server-architecture-advantages-and-disadvantages/},
}

@Electronic{DbDiagram,
  title  = {{"DbDiagram"}},
  url    = {https://dbdiagram.io/home},
}

@Electronic{IllustratedTransformer,
  author    = {Jay Alammar},
  title     = {The Illustrated Transformer},
  url        = {https://jalammar.github.io/illustrated-transformer/},
}


@Electronic{MediatorDisadvantage,
  title     = {Describe Benefits and Pitfalls of the Mediator Pattern},
  url        = {https://www.gofpatterns.com/design-patterns/module6/benefits-pitfalls-mediatorPattern.php},
}

@Electronic{IRequestHandler,
  title     = {How to CQRS with MediatR in ASP.NET Core Easy},
  url        = {https://referbruv.com/blog/implementing-cqrs-using-mediator-in-aspnet-core-explained/},
}

@Electronic{ReactContext,
  title     = {{"Playing with the Context API in React 16.3"}},
  url        = {https://www.carlrippon.com/playing-with-the-context-api-in-react-16-3/},
}

@Electronic{TransformersLongText,
  title     = {{"How to Apply Transformers to Any Length of Text"}},
  url        = {https://towardsdatascience.com/how-to-apply-transformers-to-any-length-of-text-a5601410af7f},
}

@Electronic{Carbon,
  title     = {{"Carbon"}},
  url        = {https://carbon.now.sh/},
}

